@MANUAL{exemple,
author = {M. Goossens and F. Mittelbach and A. Samarin},
title = {The {\LaTeX} companion},
publisher = {Addison-Wesley},
address = {New-York},
year = {1994}
}

